%% This BibTeX bibliography file was created using BibDesk.
%% http://bibdesk.sourceforge.net/


%% Created for Ben Jann at 2016-05-07 01:19:45 +0200 


%% Saved with string encoding Unicode (UTF-8) 


@string{jasa = {{Journal of the American Statistical Association}}}

@string{jcgs = {{Journal of Computational and Graphical Statistics}}}

@string{jrssa = {{Journal of the Royal Statistical Society, {\rm Series A}}}}

@string{jrssb = {{Journal of the Royal Statistical Society, {\rm Series B}}}}


@book{davisonhinkley97,
	Address = {Cambridge},
	Author = {Davison, Anthony C. and Hinkley, David V.},
	Date-Added = {2016-05-06 07:49:37 +0000},
	Date-Modified = {2016-05-06 07:49:37 +0000},
	Group = {statistics.estimation.bootstrap},
	Publisher = {Cambridge University Press},
	Title = {Bootstrap methods and their application},
	Year = {1997}}

@article{fisher:1922,
	Author = {Fisher, R. A.},
	Date-Added = {2016-05-05 19:06:20 +0000},
	Date-Modified = {2016-05-05 19:12:11 +0000},
	Title = {\alert{Details missing!!!}},
	Year = {1992}}

@article{gelade:verardi:vermandele:2015,
	Author = {Wouter Gelade and Vincenzo Verardi and Catherine Vermandele},
	Date-Added = {2016-05-05 18:56:19 +0000},
	Date-Modified = {2016-05-05 18:57:30 +0000},
	Journal = {The Stata Journal},
	Number = {1},
	Pages = {77-94},
	Title = {Time-efficient algorithms for robust estimators of location, scale, symmetry, and tail heaviness},
	Volume = {15},
	Year = {2015}}

@incollection{croux:rousseeuw:1992,
	Address = {Heidelberg},
	Author = {Croux, Christophe, and Peter J. Rousseeuw},
	Booktitle = {Computational Statistics},
	Date-Added = {2016-04-29 09:28:13 +0000},
	Date-Modified = {2016-04-29 09:30:10 +0000},
	Editor = {Y. Dodge and J. Whittaker},
	Pages = {411-428},
	Publisher = {Physica-Verlag},
	Title = {Time-efficient algorithms for two highly robust estimators of scale},
	Volume = {1},
	Year = {1992}}

@article{johnson:mizoguchi:1978,
	Author = {Johnson, Donald B. and Tetsuo Mizoguchi},
	Date-Added = {2016-04-29 09:19:36 +0000},
	Date-Modified = {2016-04-29 09:23:34 +0000},
	Doi = {10.1137/0207013},
	Journal = {SIAM Journal on Scientific Computing},
	Number = {2},
	Pages = {147--153},
	Title = {Selecting the $K$th element in $X + Y$ and $X_1 + X_2 + \cdots + X_m$},
	Volume = {7},
	Year = {1978},
	Bdsk-Url-1 = {http://dx.doi.org/10.1137/0207013}}

@book{Yule:Kendall:1968,
	Address = {London},
	Author = {Yule, G. Udny, and M. G. Kendall},
	Date-Added = {2016-04-29 08:58:13 +0000},
	Date-Modified = {2016-04-29 09:07:50 +0000},
	Edition = {14},
	Publisher = {Griffin},
	Title = {An Introduction to the Theory of Statistics},
	Year = {1968}}

@misc{Koller:2012,
	Author = {Koller, Manuel},
	Date-Added = {2016-03-18 10:33:46 +0000},
	Date-Modified = {2016-03-18 10:36:33 +0000},
	Howpublished = {\href{http://arxiv.org/abs/1208.5595v1}{arXiv:1208.5595v1} [stat.CO]},
	Title = {Nonsingular subsampling for S-estimators with categorical predictors},
	Year = {2012}}

@book{Chatterjee88,
	Address = {New York},
	Author = {Chatterjee, Samprit and Hadi, Ali S.},
	Date-Added = {2016-03-16 10:39:22 +0000},
	Date-Modified = {2016-03-16 15:41:47 +0000},
	Publisher = {John Wiley \& Sons},
	Title = {Sensitivity Analysis in Linear Regression},
	Year = {1988}}

@book{fox91,
	Address = {Newbury Park, CA},
	Author = {Fox, John},
	Date-Added = {2016-03-16 10:37:12 +0000},
	Date-Modified = {2016-03-16 15:41:47 +0000},
	Publisher = {Sage},
	Series = {Quantitative applications in the social sciences},
	Title = {Regression Diagnostics},
	Year = {1991}}

@book{cookweisberg82,
	Address = {New York},
	Author = {Cook, R. Dennis and Weisberg, Sanford},
	Date-Added = {2016-03-16 10:37:03 +0000},
	Date-Modified = {2016-03-16 15:41:47 +0000},
	Publisher = {Chapman and Hall},
	Title = {Residuals and Influence in Regression},
	Year = {1982}}

@book{belsley80,
	Address = {New York},
	Author = {Belsley, David A. and Kuh, Edwin and Welsch, Roy E.},
	Date-Added = {2016-03-16 10:36:18 +0000},
	Date-Modified = {2016-03-16 15:41:47 +0000},
	Publisher = {Wiley},
	Series = {Wiley series in probability and mathematical statistics},
	Title = {Regression Diagnostics: Identifying Influential Data and Sources of Collinearity},
	Year = {1980}}

@book{lawrence.arthur.90,
	Address = {New York},
	Date-Added = {2016-03-16 07:04:45 +0000},
	Date-Modified = {2016-03-16 15:41:47 +0000},
	Editor = {Lawrence, K. D. and Arthur, J. L.},
	Publisher = {Macel Dekker},
	Title = {Robust Regression: Analysis and Applications},
	Year = {1990}}

@incollection{yohai.etal.1991,
	Address = {New York},
	Author = {Yohai, Victor J. and Stahel, Werner A. and Zamar, Ruben H.},
	Booktitle = {Directions in Robust Statistics and Diagnostics. Part II},
	Date-Added = {2016-03-16 07:04:30 +0000},
	Date-Modified = {2016-03-16 15:41:47 +0000},
	Editor = {Stahel, Werner A. and Weisberg, Sanford},
	Pages = {365-374},
	Publisher = {Springer},
	Title = {A procedure for robust estimation and inference in linear regression},
	Year = {1991}}

@article{wu.85,
	Author = {Wu, Lawrence L.},
	Date-Added = {2016-03-16 07:04:12 +0000},
	Date-Modified = {2016-03-16 15:41:47 +0000},
	Journal = {Sociological Methodology},
	Pages = {316-388},
	Title = {Robust {M}-Estimation of Location and Regression},
	Volume = {15},
	Year = {1985}}

@article{western.AJPS.95,
	Author = {Western, Bruce},
	Date-Added = {2016-03-16 07:04:05 +0000},
	Date-Modified = {2016-03-16 15:41:47 +0000},
	Journal = {American Journal of Political Science},
	Number = {3},
	Pages = {786-817},
	Title = {Concepts and Suggestions for Robust Regression Analysis},
	Volume = {39},
	Year = {1995}}

@incollection{welsch80,
	Address = {New York},
	Author = {Welsch, Roy E.},
	Booktitle = {Evaluation of Econometric Models},
	Date-Added = {2016-03-16 07:03:56 +0000},
	Date-Modified = {2016-03-16 15:41:51 +0000},
	Editor = {Kmenta, Jan and Ramsey, James Bernard},
	Pages = {153-167},
	Publisher = {Academic Press},
	Title = {Regression Sensitivity Analysis and Bounded-Influence Estimation},
	Year = {1980}}

@article{verardi.dehon.SJ.2010,
	Author = {Verardi, Vincenzo and Dehon, Catherine},
	Date-Added = {2016-03-16 07:03:50 +0000},
	Date-Modified = {2016-03-16 15:42:07 +0000},
	Journal = {The Stata Journal},
	Number = {2},
	Pages = {259-266},
	Title = {Multivariate Outlier Detection Stata},
	Volume = {10},
	Year = {2010}}

@article{Verardi.Croux.SJ.09,
	Author = {Verardi, Vincenzo and Croux, Christophe},
	Date-Added = {2016-03-16 07:03:46 +0000},
	Date-Modified = {2016-03-16 15:41:47 +0000},
	Journal = {The Stata Journal},
	Number = {3},
	Pages = {439-453},
	Title = {Robust regression in Stata},
	Volume = {9},
	Year = {2009}}

@article{street.etal.AmStat.1988,
	Abstract = {The 1985 SAS User's Guide: Statistics provides a method for computing robust regression estimates using iterative reweighted least squares and the nonlinear regression procedure NLIN. We show that the estimates are asymptotically correct, although the resulting standard errors are not. We also discuss computation of the estimates.},
	Author = {Street, James O. and Carroll, Raymond J. and Ruppert, David},
	Date-Added = {2016-03-16 07:03:33 +0000},
	Date-Modified = {2016-03-16 15:41:47 +0000},
	Journal = {The American Statistician},
	Number = {2},
	Pages = {152-154},
	Title = {A Note on Computing Robust Regression Estimates Via Iteratively Reweighted Least Squares},
	Volume = {42},
	Year = {1988}}

@article{stefanski91,
	Author = {Stefanski, Leonard A.},
	Date-Added = {2016-03-16 07:03:29 +0000},
	Date-Modified = {2016-03-16 15:41:47 +0000},
	Journal = {Statistics \& Probability Letters},
	Number = {4},
	Pages = {353-358},
	Title = {A note on high-breakdown estimators},
	Volume = {11},
	Year = {1991}}

@article{ruppert.1992,
	Author = {Ruppert, David},
	Date-Added = {2016-03-16 07:03:02 +0000},
	Date-Modified = {2016-03-16 15:41:47 +0000},
	Journal = {Journal of Computational and Graphical Statistics},
	Number = {3},
	Pages = {253-270},
	Title = {Computing {$S$} Estimators for Regression and Multivariate Location/Dispersion},
	Volume = {1},
	Year = {1992}}

@article{rousseeuw.verboven.02,
	Author = {Rousseeuw, Peter J. and Verboven, Sabine},
	Date-Added = {2016-03-16 07:02:53 +0000},
	Date-Modified = {2016-03-16 15:41:51 +0000},
	Journal = {Computational Statistics \& Data Analysis},
	Pages = {741-758},
	Title = {Robust estimation in very small samples},
	Volume = {40},
	Year = {2002}}

@article{rousseeuw&vdriessen99,
	Author = {Rousseeuw, Peter J. and Van Driessen, K.},
	Date-Added = {2016-03-16 07:02:39 +0000},
	Date-Modified = {2016-03-16 15:41:51 +0000},
	Journal = {Technometrics},
	Number = {3},
	Pages = {212-223},
	Title = {A Fast Algorithm for the Minimum Covariance Determinant Estimator},
	Volume = {41},
	Year = {1999}}

@article{Ronchetti.1985,
	Author = {Ronchetti, Elvezio},
	Date-Added = {2016-03-16 06:59:09 +0000},
	Date-Modified = {2016-03-16 15:41:54 +0000},
	Journal = {Statistics \& Probability Letters},
	Number = {1},
	Pages = {21-23},
	Title = {Robust model selection in regression},
	Volume = {3},
	Year = {1985}}

@book{rieder.96,
	Address = {New York},
	Author = {Rieder, Helmut},
	Date-Added = {2016-03-16 06:58:56 +0000},
	Date-Modified = {2016-03-16 15:41:47 +0000},
	Publisher = {Springer},
	Title = {Robust Statistics, Data Analysis, and Computer Intensive Methods. In Honor of Peter Huber's 60th Birthday},
	Year = {1996}}

@article{Pregibon:1982,
	Author = {Pregibon, Daryl},
	Date-Added = {2016-03-16 06:58:48 +0000},
	Date-Modified = {2016-03-16 15:41:51 +0000},
	Journal = {Biometrics},
	Pages = {485-498},
	Title = {Resistant Fits for some commonly used Logistic Models with Medical Applications},
	Volume = {38},
	Year = {1982}}

@article{mckean.1993,
	Abstract = {Residual plots and diagnostic techniques are important tools for examining the fit of a regression model. In the case of least squares fits, plots of residuals provide a visual assessment of the adequacy of various aspects of the fitted model. An important question is whether plots of robust residuals can be interpreted in the same manner as their least squares counterparts. This article addresses this problem for two popular classes of robust estimates: M estimates and GM estimates of the Mallows and Schweppe types. First-order properties of the residuals and fitted values are derived under correct and misspecified models. These properties are insightful on the general interpretability of robust residual plots and on their ability to detect curvature in misspecified models. The results of a simulation study consisting of tests for randomness and curvature in residual plots supports these theoretical properties. Standardization of robust residuals is also presented.},
	Author = {McKean, Joseph W. and Simon, J. Sheather and Hettmansperger, Thomas P.},
	Date-Added = {2016-03-16 06:58:42 +0000},
	Date-Modified = {2016-03-16 15:41:47 +0000},
	Journal = {Journal of the American Statistical Association},
	Number = {424},
	Pages = {1254-1263},
	Title = {The Use and Interpretation of Residuals Based on Robust Estimation},
	Volume = {88},
	Year = {1993}}

@incollection{li85,
	Address = {New York},
	Author = {Li, Guoying},
	Booktitle = {Exploring Data Tables, Trends, and Shapes},
	Date-Added = {2016-03-16 06:58:18 +0000},
	Date-Modified = {2016-03-16 15:41:47 +0000},
	Editor = {Hoaglin, David C. and Mosteller, Frederick and Tukey, John W.},
	Pages = {281-343},
	Publisher = {John Wiley \& Sons},
	Title = {Robust Regression},
	Year = {1985}}

@book{lawrence03,
	Address = {Blacksburg, Virginia},
	Author = {Lawrence, David E.},
	Date-Added = {2016-03-16 06:58:12 +0000},
	Date-Modified = {2016-03-16 15:41:54 +0000},
	Publisher = {Virginia Polytechnic Institute and State University},
	Title = {Cluster-Based Bounded Influence Regression},
	Year = {2003}}

@article{krasker82,
	Author = {Krasker, William S. and Welsch, Roy E.},
	Date-Added = {2016-03-16 06:58:04 +0000},
	Date-Modified = {2016-03-16 15:41:51 +0000},
	Journal = {Journal of the American Statistical Association},
	Number = {379},
	Pages = {595-604},
	Title = {Efficient Bounded-Influence Regression Estimation},
	Volume = {77},
	Year = {1982}}

@incollection{krasker83,
	Author = {Krasker, William S. and Kuh, Edwin and Welsch, Roy E.},
	Booktitle = {Handbook of Econometrics},
	Date-Added = {2016-03-16 06:58:00 +0000},
	Date-Modified = {2016-03-16 15:41:51 +0000},
	Editor = {Griliches, Zvi and Intriligator, Michael D.},
	Pages = {652-698},
	Publisher = {North-Holland},
	Title = {Estimation for Dirty Data and Flawed Models},
	Volume = {Volume I},
	Year = {1983}}

@article{kahnudry86,
	Author = {Kahn, Joan R. and Udry, J. Richard},
	Date-Added = {2016-03-16 06:57:41 +0000},
	Date-Modified = {2016-03-16 15:41:54 +0000},
	Journal = {American Sociological Review},
	Number = {5},
	Pages = {734-737},
	Title = {Mariatl Coital Frequency: Unnoticed Outliers and Unspecified Interactions Lead to Erroneous Conclusions},
	Volume = {51},
	Year = {1986}}

@article{jasso85,
	Author = {Jasso, Guillermina},
	Date-Added = {2016-03-16 06:57:37 +0000},
	Date-Modified = {2016-03-16 15:41:51 +0000},
	Journal = {American Sociological Review},
	Number = {2},
	Pages = {224-241},
	Title = {Marital Coital Frequency and the Passage of Time: Estimating the Separate Effects of Spouses' Ages and Marital Duration, Birth and Marriage Cohorts, and Period Influences},
	Volume = {50},
	Year = {1985}}

@article{huber73,
	Abstract = {Maximum likelihood type robust estimates of regression are defined and their asymptotic properties are investigated both theoretically and empirically. Perhaps the most important new feature is that the number p of parameters is allowed to increase with the number n of observations. The initial terms of a formal power series expansion (essentially in powers of p/n) show an excellent agreement with Monte Carlo results, in most cases down to 4 observations per parameter.},
	Author = {Huber, Peter J.},
	Date-Added = {2016-03-16 06:57:16 +0000},
	Date-Modified = {2016-03-16 15:41:47 +0000},
	Journal = {The Annals of Statistics},
	Number = {5},
	Pages = {799-821},
	Title = {Robust Regression: Asymptotics, Conjectures and Monte Carlo},
	Volume = {1},
	Year = {1973}}

@book{huber96,
	Address = {Philadelphia},
	Author = {Huber, Peter J.},
	Date-Added = {2016-03-16 06:56:59 +0000},
	Date-Modified = {2016-03-16 15:41:51 +0000},
	Edition = {2},
	Publisher = {Society for Industrial and Applied Mathematics},
	Title = {Robust Statistical Procedures},
	Year = {1996}}

@book{heritier.etal.09,
	Address = {West Sussey},
	Author = {Heritier, Stephane and Cantoni, Eva and Copt, Samuel and Victoria-Feser, Maria-Pia},
	Date-Added = {2016-03-16 06:56:40 +0000},
	Date-Modified = {2016-03-16 15:41:47 +0000},
	Publisher = {Wiley},
	Title = {Robust Statistics in Biostatistics},
	Year = {2009}}

@article{hamilton91,
	Author = {Hamilton, Lawrence C.},
	Date-Added = {2016-03-16 06:56:19 +0000},
	Date-Modified = {2016-03-16 15:41:51 +0000},
	Journal = {Stata Technical Bulletin},
	Number = {2},
	Pages = {21-26},
	Title = {How Robust is Robust Regression?},
	Year = {1991}}

@misc{dehon.09.rankings,
	Author = {Dehon, Catherine and McCathie, Alice and Verardi, Vincenzo},
	Date-Added = {2016-03-16 06:55:44 +0000},
	Date-Modified = {2016-03-16 15:41:47 +0000},
	Title = {Uncovering Excellence in Academic Rankings. A case study on the Shanghai Ranking},
	Year = {2009}}

@article{dehon.09.goodoutliers,
	Author = {Dehon, Catherine and Gassner, Marjorie and Verardi, Vincenzo},
	Date-Added = {2016-03-16 06:55:34 +0000},
	Date-Modified = {2016-03-16 15:41:47 +0000},
	Journal = {Oxford Bulletin of Economics and Statistics},
	Number = {3},
	Title = {Beware of `Good' Outliers and Overoptimistic Conclusions},
	Volume = {71},
	Year = {2009}}

@article{davies93,
	Author = {Davies, P. L.},
	Date-Added = {2016-03-16 06:55:03 +0000},
	Date-Modified = {2016-03-16 15:41:51 +0000},
	Journal = {The Annals of Statistics},
	Number = {4},
	Pages = {1843-1899},
	Title = {Aspects of Robust Linear Regression},
	Volume = {21},
	Year = {1993}}

@article{croux.haesbroeck.2003,
	Author = {Croux, Christophe and Haesbroeck, Gentiane},
	Date-Added = {2016-03-16 06:54:55 +0000},
	Date-Modified = {2016-03-16 15:41:51 +0000},
	Journal = {Computational Statistics and Data Analysis},
	Number = {1-2},
	Pages = {273-295},
	Title = {Implementing the Bianco and Yohai estimator for logistic regression},
	Volume = {44},
	Year = {2003}}

@article{Chave03,
	Author = {Chave, Alan D. and Thomson, David J.},
	Date-Added = {2016-03-16 06:54:14 +0000},
	Date-Modified = {2016-03-16 15:41:51 +0000},
	Journal = {Applied Statistics},
	Number = {3},
	Pages = {307-322},
	Title = {A Bounded Influence Regression Estimator Based on the Statistics of the Hat Matrix},
	Volume = {52},
	Year = {2003}}

@article{chatterjee.maechler.97,
	Author = {Chatterjee, Samprit and M{\"a}chler, Martin},
	Date-Added = {2016-03-16 06:54:07 +0000},
	Date-Modified = {2016-03-16 15:41:47 +0000},
	Journal = {Communications in Statistics - Theory and Methods},
	Number = {6},
	Pages = {1381-1394},
	Title = {Robust Regression: A Weighted Least Squares Approach},
	Volume = {26},
	Year = {1997}}

@incollection{bianco.yohai.96,
	Address = {New York},
	Author = {Bianco, Ana M. and Yohai, V{\'\i}ctor J.},
	Booktitle = {Robust Statistics, Data Analysis, and Computer Intensive Methods. In Honor of Peter Huber's 60th Birthday},
	Date-Added = {2016-03-16 06:53:53 +0000},
	Date-Modified = {2016-03-16 15:41:51 +0000},
	Editor = {Rieder, Helmut},
	Pages = {17-34},
	Publisher = {Springer},
	Title = {Robust Estimation in the Logistic Regression Model},
	Year = {1996}}

@incollection{berk90,
	Address = {Newbury Park, CA},
	Author = {Berk, Richard A.},
	Booktitle = {Modern Methods of Data Analysis},
	Date-Added = {2016-03-16 06:53:45 +0000},
	Date-Modified = {2016-03-16 15:41:51 +0000},
	Editor = {Fox, John and Long, J. Scott},
	Pages = {292-324},
	Publisher = {Sage},
	Title = {A Primer on Robust Regression},
	Year = {1990}}

@book{atkinson.riani.00,
	Address = {New York},
	Author = {Atkinson, A. and Riani, M.},
	Date-Added = {2016-03-16 06:53:29 +0000},
	Date-Modified = {2016-03-16 15:41:47 +0000},
	Publisher = {Springer},
	Title = {Robust Diagnostics Regression Analysis},
	Year = {2000}}

@book{andersen08,
	Address = {Thousand Oaks, CA},
	Author = {Andersen, Robert},
	Date-Added = {2016-03-16 06:53:14 +0000},
	Date-Modified = {2016-03-16 15:41:47 +0000},
	Publisher = {Sage},
	Title = {Modern Methods for Robust Regression},
	Year = {2008}}

@article{huber72,
	Abstract = {This is a selective review on robust statistics, centering on estimates of location, but extending into other estimation and testing problems. After some historical remarks, several possible concepts of robustness are critically reviewed. Three important classes of estimates are singled out and some basic heuristic tools for assessing properties of robust estimates (or test statistics) are discussed: influence curve, jackknifing. Then we give some asymptotic and finite sample minimax results for estimation and testing. The material is complemented by miscellaneous remarks on: computational aspects; other estimates; scale, regression, time series and other estimation problems; some tentative practical recommendations.},
	Author = {Huber, Peter J.},
	Date-Added = {2016-03-15 17:41:51 +0000},
	Date-Modified = {2016-03-16 15:41:47 +0000},
	Journal = {The Annals of Mathematical Statistics},
	Number = {4},
	Pages = {1041-1067},
	Title = {The 1972 {W}ald {L}ecture. Robust Statistics: A Review},
	Volume = {43},
	Year = {1972}}

@article{white80,
	Author = {White, Halbert},
	Date-Added = {2016-03-15 12:46:07 +0000},
	Date-Modified = {2016-03-16 15:41:54 +0000},
	Journal = {Econometrica},
	Number = {4},
	Pages = {817-838},
	Title = {A Heteroskedasticity-Consistent Covariance Matrix Estimator and a Direct Test for Heteroskedasticity},
	Volume = {48},
	Year = {1980}}

@article{kruskal60,
	Author = {Kruskal, William H.},
	Date-Added = {2016-03-15 10:15:20 +0000},
	Date-Modified = {2016-03-16 15:41:47 +0000},
	Journal = {Technometrics},
	Number = {1},
	Pages = {1-3},
	Title = {Some Remarks on Wild Observations},
	Volume = {2},
	Year = {1960}}

@article{anscombe73,
	Author = {Anscombe, F. J.},
	Date-Added = {2016-03-15 10:14:53 +0000},
	Date-Modified = {2016-03-16 15:41:47 +0000},
	Journal = {The American Statistician},
	Number = {1},
	Pages = {17-21},
	Title = {Graphs in Statistical Analysis},
	Volume = {27},
	Year = {1973}}

@article{Yohai:1988,
	Author = {Yohai, V. J. and Zamar, R. H.},
	Date-Added = {2016-03-13 18:35:58 +0000},
	Date-Modified = {2016-03-13 18:36:29 +0000},
	Journal = {Journal of the American Statistical Association},
	Pages = {406-413},
	Title = {High breakdown estimates of regression by means of the minimization of an efficient scale},
	Volume = {83},
	Year = {1988}}

@article{Yohai:1979,
	Author = {Yohai, V. J. and Maronna, R. A.},
	Date-Added = {2016-03-13 18:35:03 +0000},
	Date-Modified = {2016-03-13 18:35:36 +0000},
	Journal = {The Annals of Statistics},
	Pages = {258-268},
	Title = {Asymptotic behavior of M-estimates for the linear model},
	Volume = {7},
	Year = {1979}}

@article{Wooldridge:2001,
	Author = {Wooldridge},
	Date-Added = {2016-03-13 18:34:18 +0000},
	Date-Modified = {2016-03-13 18:34:40 +0000},
	Title = {\alert{Details missing!!!}},
	Year = {2001}}

@article{Theil:1950,
	Author = {Theil, H.},
	Date-Added = {2016-03-13 18:32:10 +0000},
	Date-Modified = {2016-03-13 18:33:19 +0000},
	Journal = {Nederlandsche Akademie van Wetenschappen Proceedings (Ser. A)},
	Pages = {386-392; 521-525; 1397-1412},
	Title = {A Rank-Invariant Method of Linear and Polynomial Regression Analysis (Parts 1-3)},
	Volume = {53},
	Year = {1950}}

@article{Siegel:1982,
	Author = {Siegel, A. F.},
	Date-Added = {2016-03-13 18:31:22 +0000},
	Date-Modified = {2016-03-13 18:32:04 +0000},
	Journal = {Biometrika},
	Pages = {242-244},
	Title = {Robust Regression Using Repeated Medians},
	Volume = {69},
	Year = {1982}}

@article{Sen:1968,
	Author = {Sen, P. K.},
	Date-Added = {2016-03-13 18:30:45 +0000},
	Date-Modified = {2016-03-13 18:31:13 +0000},
	Journal = {Journal of the American Statistical Association},
	Pages = {1379-1389},
	Title = {Estimates of the Regression Coefficient Based on Kendall's Tau},
	Volume = {63},
	Year = {1968}}

@article{Salibian-Barrera:2004,
	Author = {Salibian-Barrera, M. and Zamar, R. H.},
	Date-Added = {2016-03-13 18:30:03 +0000},
	Date-Modified = {2016-03-13 18:30:34 +0000},
	Journal = {The Annals of Statistics},
	Number = {4},
	Pages = {1434-1447},
	Title = {Uniform asymptotics for robust location estimates when the scale is unknown},
	Volume = {32},
	Year = {2004}}

@article{Rousseeuw:2006,
	Author = {Rousseeuw, P. J. and van Driessen, K.},
	Date-Added = {2016-03-13 18:29:18 +0000},
	Date-Modified = {2016-03-13 18:29:48 +0000},
	Journal = {Data Mining and Knowledge Discovery},
	Number = {1},
	Pages = {29-45},
	Title = {Computing LTS Regression for Large Data Sets},
	Volume = {12},
	Year = {2006}}

@article{Rousseeuw:1983,
	Author = {Rousseeuw, P. J.},
	Date-Added = {2016-03-13 18:26:32 +0000},
	Date-Modified = {2016-03-13 18:29:08 +0000},
	Journal = {The Institute of Mathematical Statistics Bulletin},
	Pages = {155\alert{-???}},
	Title = {Regression Techniques with High Breakdown Point},
	Volume = {12},
	Year = {1983}}

@article{Ronchetti:Rousseeuw:1985,
	Author = {Ronchetti, E. and Rousseeuw, P. J.},
	Date-Added = {2016-03-13 18:25:34 +0000},
	Date-Modified = {2016-03-16 07:00:30 +0000},
	Journal = {Probability Theory and Related Fields},
	Pages = {503-519},
	Title = {Change-of-Variance Sensitivities in Regression Analysis},
	Volume = {68},
	Year = {1985}}

@article{Renaud:VictoriaFeser:2010,
	Author = {Renaud, O. and Victoria-Feser, M.-P.},
	Date-Added = {2016-03-13 18:24:40 +0000},
	Date-Modified = {2016-05-06 23:19:45 +0000},
	Journal = {Journal of Statistical Planning and Inference},
	Number = {7},
	Pages = {1852-1862},
	Title = {A robust coefficient of determination for regression},
	Volume = {140},
	Year = {2010}}

@article{Omelka:2010,
	Author = {Omelka, M. and Salibian-Barrera, M.},
	Date-Added = {2016-03-13 18:23:50 +0000},
	Date-Modified = {2016-03-13 18:24:25 +0000},
	Journal = {Annals of the Institute of Statistical Mathematics},
	Number = {5},
	Pages = {897-927},
	Title = {Uniform asymptotics for S- and MM-regression estimators},
	Volume = {62},
	Year = {2010}}

@incollection{Mendes:1996,
	Address = {New York},
	Author = {Mendes, B. V. M. and Tyler, D. E.},
	Booktitle = {Robust Statistics, Data Analysis and Computer Intensive Methods (Schloss Thurnau, 1994)},
	Date-Added = {2016-03-13 18:21:54 +0000},
	Date-Modified = {2016-03-13 18:23:33 +0000},
	Editor = {\alert{EDITORS?}},
	Pages = {299-320},
	Publisher = {Springer},
	Series = {Lecture Notes in Statistics 109},
	Title = {Constrained M-estimation for regression},
	Year = {1996}}

@incollection{Maronna:1979,
	Address = {New York},
	Author = {Maronna, R. A. and Bustos, O. H. and Yohai, V. J.},
	Booktitle = {Smoothing techniques for curve estimation},
	Date-Added = {2016-03-13 18:18:56 +0000},
	Date-Modified = {2016-03-13 18:21:32 +0000},
	Editor = {T. Gasser and Rossenblat, J. M.},
	Pages = {91-116},
	Publisher = {Springer},
	Series = {Lecture Notes in Mathematics 757},
	Title = {Bias- and efficiency-robustness of general M-estimators for regression with random carriers},
	Year = {1979}}

@unpublished{Mallows:1975,
	Author = {Mallows, C. L.},
	Date-Added = {2016-03-13 18:17:52 +0000},
	Date-Modified = {2016-03-13 18:18:36 +0000},
	Note = {Unpublished memorandum, Bell Telephone Laboratories, Murray Hill, NJ.},
	Title = {On some topics in robustness},
	Year = {1975}}

@book{Koenker:2005,
	Address = {Cambridge},
	Author = {Koenker, R.},
	Date-Added = {2016-03-13 18:17:17 +0000},
	Date-Modified = {2016-03-13 18:17:43 +0000},
	Publisher = {Cambridge University Press},
	Title = {Quantile Regression},
	Year = {2005}}

@article{Koenker:1978,
	Author = {Koenker, R. and Bassett, G.},
	Date-Added = {2016-03-13 18:16:40 +0000},
	Date-Modified = {2016-03-13 18:17:16 +0000},
	Journal = {Econometrica},
	Number = {1},
	Pages = {33-50},
	Title = {Regression Quantiles},
	Volume = {46},
	Year = {1978}}

@article{Jaeckel:1972,
	Author = {Jaeckel, L. A.},
	Date-Added = {2016-03-13 18:15:52 +0000},
	Date-Modified = {2016-03-13 18:16:28 +0000},
	Journal = {Annals of Mathematical Statistics},
	Pages = {1449-1458},
	Title = {Estimating Regression Coefficients by Minimizing the Dispersion of Residuals},
	Volume = {5},
	Year = {1972}}

@article{Huber:2009,
	Author = {Huber and Ronchetti},
	Date-Added = {2016-03-13 18:15:09 +0000},
	Date-Modified = {2016-03-13 18:15:40 +0000},
	Title = {\alert{Details missing!!!}},
	Year = {2009}}

@article{Hossjer:1992,
	Author = {H{\"o}ssjer, Ola},
	Date-Added = {2016-03-13 18:13:55 +0000},
	Date-Modified = {2016-03-13 18:14:36 +0000},
	Journal = {Statistics and Probability Letters},
	Number = {5},
	Pages = {413-419},
	Title = {On the optimality of S-estimators},
	Volume = {14},
	Year = {1992}}

@article{Hausman:1978,
	Author = {Hausman, J. A.},
	Date-Added = {2016-03-13 16:36:29 +0000},
	Date-Modified = {2016-03-13 16:37:04 +0000},
	Journal = {Econometrica},
	Number = {6},
	Pages = {1251-1271},
	Title = {Specification tests in econometrics},
	Volume = {46},
	Year = {1978}}

@article{Hansen:1982,
	Author = {Hansen, L. P.},
	Date-Added = {2016-03-13 16:35:44 +0000},
	Date-Modified = {2016-03-13 16:36:18 +0000},
	Journal = {Econometrica},
	Pages = {1029-1054},
	Title = {Large sample properties of generalized method of moments estimators},
	Volume = {50},
	Year = {1982}}

@book{Greene:1997,
	Author = {Greene, W.},
	Date-Added = {2016-03-13 16:34:50 +0000},
	Date-Modified = {2016-03-13 16:35:30 +0000},
	Edition = {3},
	Publisher = {Prentice Hall},
	Title = {Econometric Analysis},
	Year = {1997}}

@article{Gervini:2002,
	Author = {Gervini, D. and Yohai, V. J.},
	Date-Added = {2016-03-13 16:33:35 +0000},
	Date-Modified = {2016-03-13 16:34:20 +0000},
	Journal = {The Annals of Statistics},
	Pages = {583-616},
	Title = {A class of robust and fully efficient regression estimators},
	Volume = {30},
	Year = {2002}}

@article{Dehon:2012,
	Author = {Dehon, C. and Gassner, M. and Verardi, V.},
	Date-Added = {2016-03-13 16:32:09 +0000},
	Date-Modified = {2016-03-13 16:33:03 +0000},
	Journal = {Advances in Econometrics},
	Number = {Essays in Honor of Jerry Hausman},
	Pages = {435-453},
	Title = {Extending the Hausman test to check for the presence of outliers},
	Volume = {29},
	Year = {2012}}

@article{Dehon:2009,
	Author = {Dehon, Catherine and Gassner, Marjorie and Verardi, Vincenzo},
	Date-Added = {2016-03-13 16:30:53 +0000},
	Date-Modified = {2016-03-13 18:09:55 +0000},
	Journal = {Economics Letters},
	Pages = {64-67},
	Title = {A new Hausman type test to detect the presence of influential outliers},
	Volume = {105},
	Year = {2009}}

@misc{Croux:2003,
	Author = {Croux, Christophe and Dhaene, Geert and Hoorelbeke, Dirk},
	Date-Added = {2016-03-13 16:28:59 +0000},
	Date-Modified = {2016-03-13 18:08:43 +0000},
	Howpublished = {Discussions Paper Series (DPS) 03.16, Center for Economic Studies, KULeuven. Available from \url{http://www.econ.kuleuven.be/eng/ew/discussionpapers/Dps03/Dps0316.pdf}},
	Title = {Robust Standard Errors for Robust Estimators},
	Year = {2003}}

@inproceedings{Brown:1951,
	Author = {Brown, G. W. and Mood, A. M.},
	Booktitle = {Proceedings of the 2nd Berkeley Symposium on Mathematical Statistics and Probability},
	Date-Added = {2016-03-13 16:27:46 +0000},
	Date-Modified = {2016-03-13 16:28:34 +0000},
	Pages = {159-166},
	Title = {On Median Tests for Linear Hypotheses},
	Year = {1951}}

@article{Blasnick:1998,
	Author = {Blasnick},
	Date-Added = {2016-03-13 16:27:07 +0000},
	Date-Modified = {2016-03-13 16:27:26 +0000},
	Title = {\alert{Details missing!!!}},
	Year = {1998}}

@article{Andrews:1974,
	Author = {Andrews, D. F.},
	Date-Added = {2016-03-13 16:26:13 +0000},
	Date-Modified = {2016-03-13 16:26:52 +0000},
	Journal = {Technometrics},
	Pages = {523-531},
	Title = {A Robust Method for Multiple Linear Regression},
	Volume = {16},
	Year = {1974}}

@book{Anderson:1984,
	Author = {Anderson, T. W.},
	Date-Added = {2016-03-13 16:24:55 +0000},
	Date-Modified = {2016-03-13 16:25:50 +0000},
	Edition = {2},
	Publisher = {John Wiley \& Sons},
	Title = {An Introduction to Multivariate Statistical Analysis},
	Year = {1984}}

@article{Bruffaerts:etal:2014,
	Author = {{Bruffaerts et al.}},
	Date-Added = {2016-03-11 15:58:05 +0000},
	Date-Modified = {2016-03-13 13:51:02 +0000},
	Title = {\alert{Details missing!!!}},
	Year = {2014}}

@article{Jarque:Bera:1980,
	Author = {Jarque and Bera},
	Date-Added = {2016-03-11 14:36:06 +0000},
	Date-Modified = {2016-03-13 13:53:32 +0000},
	Title = {\alert{Details missing!!!}},
	Year = {1980}}

@book{LehmannCasella1988,
	Author = {Lehmann, E. L. and Casella, G.},
	Date-Added = {2015-11-19 12:09:14 +0000},
	Date-Modified = {2015-11-19 12:09:14 +0000},
	Edition = {Second},
	Publisher = {Springer},
	Title = {Theory of Point Estimation},
	Year = {1988}}

@book{Serfling1980,
	Address = {New York},
	Author = {Serfling, R.},
	Date-Added = {2015-11-19 12:09:14 +0000},
	Date-Modified = {2015-11-19 12:09:14 +0000},
	Publisher = {John Wiley \& Sons},
	Title = {Approximation Theorems of Mathematical Statistics},
	Year = {1980}}

@article{Jimenez:2011,
	Author = {Jim{\'e}nez, J. A. and Arunachalam, V.},
	Date-Added = {2015-10-27 11:49:53 +0000},
	Date-Modified = {2016-03-11 16:37:18 +0000},
	Journal = {Journal of Risk},
	Number = {4},
	Pages = {95-116},
	Title = {Using Tukey's $g$ and $h$ family of distributions to calculate value-at-risk and conditional value-at-risk},
	Volume = {13},
	Year = {2011}}

@article{hubert:vandervieren:2008,
	Author = {Hubert, M. and Vandervieren, E.},
	Date-Added = {2015-10-27 11:49:05 +0000},
	Date-Modified = {2015-10-27 11:49:49 +0000},
	Journal = {Computational Statistics and Data Analysis},
	Pages = {5186-5201},
	Title = {An Adjusted Boxplot for Skewed Distributions},
	Volume = {52},
	Year = {2008}}

@article{ruppert:1987,
	Author = {Ruppert},
	Date-Added = {2015-10-26 11:55:29 +0000},
	Date-Modified = {2016-03-13 13:54:07 +0000},
	Title = {\alert{Details missing!!!}},
	Year = {1987}}

@article{brys:etal:2004,
	Author = {G. Brys and M. Hubert and A. Struyf},
	Date-Added = {2015-10-26 10:49:50 +0000},
	Date-Modified = {2016-04-29 08:47:21 +0000},
	Doi = {10.1198/106186004X12632},
	Journal = {Journal of Computational and Graphical Statistics},
	Number = {4},
	Pages = {996-1017},
	Title = {A Robust Measure of Skewness},
	Volume = {13},
	Year = {2004},
	Bdsk-Url-1 = {http://dx.doi.org/10.1198/106186004X12632}}

@article{brys:etal:2006,
	Author = {Guy Brys and Mia Hubert and Anja Struyf},
	Date-Added = {2015-10-26 10:49:40 +0000},
	Date-Modified = {2016-04-29 08:44:30 +0000},
	Doi = {doi:10.1016/j.csda.2004.09.012},
	Journal = {Computational Statistics \& Data Analysis},
	Pages = {733-759},
	Title = {Robust measures of tail weight},
	Volume = {50},
	Year = {2006},
	Bdsk-Url-1 = {http://dx.doi.org/10.1016/j.csda.2004.09.012}}

@article{brys:etal:2008,
	Author = {Guy Brys and Mia Hubert and Anja Struyf},
	Date-Added = {2015-10-26 10:49:03 +0000},
	Date-Modified = {2016-04-29 08:52:27 +0000},
	Doi = {10.1007/s00180-007-0083-7},
	Journal = {Computational Statistics},
	Pages = {429--442},
	Title = {Goodness-of-fit tests based on a robust measure of skewness},
	Volume = {23},
	Year = {2008},
	Bdsk-Url-1 = {http://dx.doi.org/10.1007/s00180-007-0083-7}}

@article{hinkley:1975,
	Author = {Hinkley, David V.},
	Date-Added = {2015-10-26 10:23:29 +0000},
	Date-Modified = {2016-04-29 09:04:17 +0000},
	Doi = {10.1093/biomet/62.1.101},
	Journal = {Biometrika},
	Number = {1},
	Pages = {101-111},
	Title = {On power transformations to symmetry},
	Volume = {62},
	Year = {1975},
	Bdsk-Url-1 = {http://dx.doi.org/10.1093/biomet/62.1.101}}

@article{groeneveld:1991,
	Author = {Groeneveld},
	Date-Added = {2015-10-26 09:21:44 +0000},
	Date-Modified = {2016-03-13 13:52:17 +0000},
	Title = {\alert{Details missing!!!}},
	Year = {1991}}

@article{hodges:lehmann:1963,
	Author = {Hodges, Jr., J. L. and Lehmann, E. L.},
	Date-Added = {2015-10-20 12:04:05 +0000},
	Date-Modified = {2016-04-29 08:32:46 +0000},
	Journal = {Annals of Mathematical Statistics},
	Number = {2},
	Pages = {598-611},
	Title = {Estimates of location based on rank tests},
	Volume = {34},
	Year = {1963}}

@article{hampel:1971,
	Author = {Hampel, Frank R.},
	Date-Added = {2015-10-17 20:52:44 +0000},
	Date-Modified = {2016-03-13 13:53:11 +0000},
	Title = {\alert{Details missing!!!}},
	Year = {1971}}

@article{donoho:huber:1983,
	Author = {Donoho and Huber, Peter J.},
	Date-Added = {2015-10-17 20:05:29 +0000},
	Date-Modified = {2016-03-13 13:51:31 +0000},
	Title = {\alert{Details missing!!!}},
	Year = {1983}}

@article{hampel:stahel:1982,
	Author = {Hampel, Frank R. and Stahel, Werner A.},
	Date-Added = {2015-10-17 20:03:38 +0000},
	Date-Modified = {2016-03-13 13:53:15 +0000},
	Title = {\alert{Details missing!!!}},
	Year = {1982}}

@article{hampel:1974,
	Author = {Hampel, Frank R.},
	Date-Added = {2015-10-15 09:28:08 +0000},
	Date-Modified = {2016-03-13 13:52:21 +0000},
	Title = {\alert{Details missing!!!}},
	Year = {1974}}

@book{wilcox:2005,
	Address = {New York},
	Author = {Wilcox, R. R.},
	Date-Added = {2015-10-15 09:16:08 +0000},
	Date-Modified = {2015-10-15 09:32:06 +0000},
	Edition = {2},
	Publisher = {Elsevier Academic Press},
	Title = {Introduction to Robust Estimation and Hypothesis Testing},
	Year = {2005}}

@book{staudte:sheather:1990,
	Address = {New York},
	Author = {Staudte, Robert G. and Sheather, Simon J.},
	Date-Added = {2015-10-15 09:15:54 +0000},
	Date-Modified = {2015-10-15 09:31:57 +0000},
	Publisher = {John Wiley \& Sons},
	Title = {Robust Estimation and Testing},
	Year = {1990}}

@article{rousseeuw:croux:1993,
	Author = {Rousseeuw, Peter J. and Croux, Christophe},
	Date-Added = {2015-10-15 09:15:15 +0000},
	Date-Modified = {2015-10-15 09:31:04 +0000},
	Journal = {Journal of the American Statistical Association},
	Number = {424},
	Pages = {1273-1283},
	Title = {Alternatives to the Median Absolute Deviation},
	Volume = {88},
	Year = {1993}}

@book{maronna:etal:2006,
	Address = {Chichester},
	Author = {Maronna, Ricardo A. and Martin, Douglas R. and Yohai, Victor J.},
	Date-Added = {2015-10-15 09:14:45 +0000},
	Date-Modified = {2015-10-15 09:30:32 +0000},
	Publisher = {John Wiley \& Sons},
	Title = {Robust Statistics. Theory and Methods},
	Year = {2006}}

@book{hampel:etal:1986,
	Address = {New York},
	Author = {Hampel, Frank R. and Ronchetti, Elvezio M. and Rousseeuw, Peter J. and Stahel, Werner A.},
	Date-Added = {2015-10-15 09:13:24 +0000},
	Date-Modified = {2015-10-15 09:30:00 +0000},
	Publisher = {John Wiley \& Sons},
	Title = {Robust Statistics. The Approach Based on Influence Functions},
	Year = {1986}}

@article{maronna:yohai:2000,
	Author = {Maronna, Ricardo A. and Yohai, V{\'\i}ctor J.},
	Date-Added = {2015-09-10 21:21:48 +0000},
	Date-Modified = {2015-10-15 09:30:40 +0000},
	Doi = {10.1016/S0378-3758(99)00208-6},
	Journal = {Journal of Statistical Planning and Inference},
	Number = {1-2},
	Pages = {197-214},
	Title = {Robust regression with both continuous and categorical predictors},
	Volume = {89},
	Year = {2000},
	Bdsk-Url-1 = {http://dx.doi.org/10.1016/S0378-3758(99)00208-6}}

@article{bramati:croux:2007,
	Author = {Bramati, Maria Caterina and Croux, Christophe},
	Date-Added = {2015-09-10 21:16:09 +0000},
	Date-Modified = {2015-10-15 09:29:19 +0000},
	Journal = {The Econometrics Journal},
	Number = {3},
	Pages = {521-540},
	Title = {Robust estimators for the fixed effects panel data model},
	Volume = {10},
	Year = {2007}}

@article{salibian:yohai:2006,
	Author = {Salibian-Barrera, Mat{\'\i}as and Yohai, V{\'\i}ctor J.},
	Date-Added = {2015-09-10 21:15:40 +0000},
	Date-Modified = {2015-10-15 09:31:46 +0000},
	Journal = {Journal of Computational and Graphical Statistics},
	Number = {2},
	Pages = {414-427},
	Title = {A Fast Algorithm for {S}-Regression Estimates},
	Volume = {15},
	Year = {2006}}

@article{yohai:1987,
	Abstract = {A class of robust estimates for the linear model is introduced. These estimates, called MM-estimates, have simultaneously the following properties: (i) they are highly efficient when the errors have a normal distribution and (ii) their breakdown-point is 0.5. The MM-estimates are defined by a three-stage procedure. In the first stage an initial regression estimate is computed which is consistent robust and with high breakdown-point but not necessarily efficient. In the second stage an M-estimate of the errors scale is computed using residuals based on the initial estimate. Finally, in the third stage an M-estimate of the regression parameters based on a proper redescending psi-function is computed. Consistency and asymptotical normality of the MM-estimates assuming random carriers are proved. A convergent iterative numerical algorithm is given. Finally, the asymptotic biases under contamination of optimal bounded influence estimates and MM-estimates are compared.},
	Author = {Yohai, Victor J.},
	Date-Added = {2015-09-10 21:15:24 +0000},
	Date-Modified = {2015-10-15 09:32:16 +0000},
	Journal = {The Annals of Statistics},
	Number = {2},
	Pages = {642-656},
	Title = {High Breakdown-Point and High Efficiency Robust Estimates for Regression},
	Volume = {15},
	Year = {1987}}

@article{rousseeuw:1984,
	Author = {Rousseeuw, Peter J.},
	Date-Added = {2015-09-10 21:15:07 +0000},
	Date-Modified = {2015-10-15 09:30:55 +0000},
	Journal = {Journal of the American Statistical Association},
	Number = {388},
	Pages = {871-880},
	Title = {Least Median of Squares Regression},
	Volume = {79},
	Year = {1984}}

@incollection{rousseeuw:yohai:1984,
	Address = {Berlin},
	Author = {Rousseeuw, P. and Yohai, V.},
	Booktitle = {Robust and Nonlinear Time Series Analysis. Lecture Notes in Statistics Vol. 26},
	Date-Added = {2015-09-10 21:14:52 +0000},
	Date-Modified = {2015-10-15 09:30:47 +0000},
	Editor = {Franke, J{\"u}rgen and Hardle, Wolfgang and Martin, Douglas},
	Pages = {256-272},
	Publisher = {Springer},
	Title = {Robust Regression by Means of {S}-Estimators},
	Year = {1984}}

@article{rousseeuw:zomeren:1990,
	Author = {Rousseeuw, Peter J. and van Zomeren, Bert C.},
	Date-Added = {2015-09-10 21:14:29 +0000},
	Date-Modified = {2015-10-15 09:31:18 +0000},
	Journal = {Journal of the American Statistical Association},
	Number = {411},
	Pages = {633-639},
	Title = {Unmasking Multivariate Outliers and Leverage Points},
	Volume = {85},
	Year = {1990}}

@book{huber:1981,
	Address = {New York},
	Author = {Huber, Peter J.},
	Date-Added = {2015-09-10 21:14:05 +0000},
	Date-Modified = {2015-10-15 09:30:06 +0000},
	Publisher = {John Wiley \& Sons},
	Title = {Robust Statistics},
	Year = {1981}}

@article{huber64,
	Author = {Huber, Peter J.},
	Date-Added = {2015-09-10 21:14:05 +0000},
	Date-Modified = {2015-10-15 09:10:47 +0000},
	Journal = {The Annals of Mathematical Statistics},
	Number = {1},
	Pages = {73-101},
	Title = {Robust Estimation of a Location Parameter},
	Volume = {35},
	Year = {1964}}

@article{edgeworth:1887,
	Author = {Edgeworth, F. Y.},
	Date-Added = {2015-09-10 21:13:36 +0000},
	Date-Modified = {2015-10-15 09:29:40 +0000},
	Journal = {Hermathena},
	Pages = {279-285},
	Title = {On Observations Relating to Several Quantities},
	Volume = {6},
	Year = {1887}}

@book{rousseeuw:leroy:1987,
	Address = {New York},
	Author = {Rousseeuw, Peter J. and Leroy, Annick M.},
	Date-Added = {2015-09-10 21:13:14 +0000},
	Date-Modified = {2015-10-15 09:31:11 +0000},
	Publisher = {John Wiley \& Sons},
	Title = {Robust Regression and Outlier Detection},
	Year = {1987}}

@article{knack:keefer:1995,
	Author = {Knack, Stephen and Keefer, Philip},
	Date-Added = {2015-09-10 21:11:14 +0000},
	Date-Modified = {2015-10-15 09:30:23 +0000},
	Journal = {Economics and Politics},
	Pages = {207-227},
	Title = {Institutions and Economic Performance: Cross-country Tests using Alternative Institutional Measures},
	Volume = {VII},
	Year = {1995}}

@article{sachs:warner:2001,
	Author = {Jeffrey Sachs and A. Warner},
	Date-Added = {2015-09-10 21:10:28 +0000},
	Date-Modified = {2015-10-15 09:31:29 +0000},
	Journal = {European Economic Review},
	Pages = {827-838},
	Title = {Natural Resources and Economic Development: The Curse of Natural Resources},
	Volume = {45},
	Year = {2001}}

@book{sachs:warner:1997,
	Address = {Cambridge, MA},
	Author = {Jeffrey Sachs and A. Warner},
	Date-Added = {2015-09-10 21:09:19 +0000},
	Date-Modified = {2015-10-15 09:31:38 +0000},
	Publisher = {Harvard Institute for International Development},
	Title = {Natural Resource Abundance and Economic Growth},
	Year = {1997}}

@article{croux:dehon:2003,
	Author = {Croux, C. and Dehon, C.},
	Date-Added = {2015-09-10 21:08:40 +0000},
	Date-Modified = {2015-10-15 09:29:32 +0000},
	Journal = {Statistical Paper},
	Pages = {315-334},
	Title = {Estimators of the multiple correlation coefficient: Local robustness and confidence intervals},
	Volume = {44},
	Year = {2003}}

@book{barro:1998,
	Author = {Robert J. Barro},
	Date-Added = {2015-09-10 21:07:43 +0000},
	Date-Modified = {2015-10-15 09:33:40 +0000},
	Publisher = {The MIT Press},
	Title = {Determinants of Economic Growth: A Cross-Country Empirical Study},
	Year = {1998}}
